<?xml version="1.0" encoding="UTF-8"?><collection xmlns="http://www.loc.gov/MARC21/slim"><record><leader>00563nam--2200181-i-4500</leader><controlfield tag="001">000026126</controlfield><controlfield tag="002">20161230</controlfield><controlfield tag="005">20161230201036</controlfield><controlfield tag="008">060222s1000------------r-----000-0-fre-d</controlfield><datafield ind1=" " ind2=" " tag="040"><subfield code="a">IFIN-HH</subfield></datafield><datafield ind1=" " ind2=" " tag="041"><subfield code="a">fre</subfield></datafield><datafield ind1=" " ind2=" " tag="080"><subfield code="a">539.172.6:015</subfield></datafield><datafield ind1="1" ind2=" " tag="100"><subfield code="a">Kalifa, Jacques</subfield></datafield><datafield ind1="1" ind2="0" tag="245"><subfield code="a">Etude, au moyen de la reaction (3he,d ), des etats particule-trou des noyaux pairs-pairs n=z de la couche 2s-1d</subfield><subfield code="b">These</subfield><subfield code="c">Jacques kalifa</subfield></datafield><datafield ind1=" " ind2=" " tag="260"><subfield code="a">Paris-sud</subfield><subfield code="b">Centre D`Orsay Universite Paris-sud</subfield><subfield code="c">1971</subfield></datafield><datafield ind1=" " ind2=" " tag="300"><subfield code="a">60P</subfield></datafield><datafield ind1=" " ind2=" " tag="852"><subfield code="a">38040</subfield><subfield code="c">539.17</subfield></datafield><datafield ind1=" " ind2=" " tag="CAT"><subfield code="a">Sys</subfield><subfield code="c">20120608</subfield><subfield code="h">142213</subfield></datafield></record></collection>